@book{steam,
    author    = "Wikipedia",
    title     = "Steam Locmotive",
    year      = "2012",
    publisher = "Wikipedia",
    address   = "http://en.wikipedia.org/wiki/Steam\_locomotive"
}

@book{box2d,
    author    = "Erin Catto",
    title     = "Box2D manual",
    year      = "2007",
    publisher = "Box2D",
    address   = "http://www.box2d.org/manual.html"
}




